<?xml version="1.0" encoding="UTF-8"?><collection xmlns="http://www.loc.gov/MARC21/slim"><record><leader>00407nam--2200169-i-4500</leader><controlfield tag="001">000035949</controlfield><controlfield tag="002">20161230</controlfield><controlfield tag="005">20161230201040</controlfield><controlfield tag="008">060222s1000------------r-----000-0-rum-d</controlfield><datafield ind1=" " ind2=" " tag="040"><subfield code="a">IFIN-HH</subfield></datafield><datafield ind1=" " ind2=" " tag="041"><subfield code="a">rum</subfield></datafield><datafield ind1="1" ind2=" " tag="100"><subfield code="a">Onicescu, O</subfield></datafield><datafield ind1="1" ind2="0" tag="245"><subfield code="a">Calculul probabilitatilor</subfield><subfield code="c">O. Onicescu</subfield></datafield><datafield ind1=" " ind2=" " tag="260"><subfield code="a">Bucuresti, Ed.Tehnica, 1956</subfield></datafield><datafield ind1=" " ind2=" " tag="300"><subfield code="a">392P</subfield></datafield><datafield ind1=" " ind2=" " tag="852"><subfield code="a">4238</subfield><subfield code="c">519.2</subfield></datafield><datafield ind1=" " ind2=" " tag="CAT"><subfield code="a">Sys</subfield><subfield code="c">20100514</subfield><subfield code="h">102708</subfield></datafield></record></collection>